@article{graham1989concrete,
  title={Concrete mathematics: a foundation for computer science},
  author={Graham, Ronald L and Knuth, Donald E and Patashnik, Oren and Liu, Stanley},
  journal={Computers in Physics},
  volume={3},
  number={5},
  pages={106--107},
  year={1989},
  publisher={AIP}
}

@inproceedings{bubeck2012best,
  title={The best of both worlds: stochastic and adversarial bandits},
  author={Bubeck, S{\'e}bastien and Slivkins, Aleksandrs},
  booktitle={Conference on Learning Theory},
  pages={42--1},
  year={2012}
}

@inproceedings{abbasi2011improved,
  title={Improved algorithms for linear stochastic bandits},
  author={Abbasi-Yadkori, Yasin and P{\'a}l, D{\'a}vid and Szepesv{\'a}ri, Csaba},
  booktitle={Advances in Neural Information Processing Systems},
  pages={2312--2320},
  year={2011}
}

@article{ho2006number,
  title={On the number of regions in an m-dimensional space cut by n hyperplanes},
  author={Ho, Chungwu and Zimmerman, Seth},
  journal={Terry Tao wins the Fields Medal},
  pages={294},
  year = {2006}
}

@article{auer2002finite,
  title={Finite-time analysis of the multiarmed bandit problem},
  author={Auer, Peter and Cesa-Bianchi, Nicolo and Fischer, Paul},
  journal={Machine learning},
  volume={47},
  number={2-3},
  pages={235--256},
  year={2002},
  publisher={Springer}
}